
@book{parashar_10th_2010,
	location = {Piscataway, {NJ}},
	title = {10th {IEEE}/{ACM} International Conference on Cluster, Cloud and Grid Computing ({CCGrid}), 2010: 17 - 20 May 2010, Melbourne, Australia ; proceedings ; [including workshop papers]},
	isbn = {9780769540399 0769540392 9781424469871 1424469872},
	url = {http://ieeexplore.ieee.org/servlet/opac?punumber=5492934},
	shorttitle = {10th {IEEE}/{ACM} International Conference on Cluster, Cloud and Grid Computing ({CCGrid}), 2010},
	publisher = {{IEEE}},
	author = {Parashar, Manish},
	urldate = {2014-07-23},
	date = {2010}
}

@article{mishra_towards_2010,
	title = {Towards characterizing cloud backend workloads: insights from Google compute clusters},
	volume = {37},
	issn = {01635999},
	url = {http://portal.acm.org/citation.cfm?doid=1773394.1773400},
	doi = {10.1145/1773394.1773400},
	shorttitle = {Towards characterizing cloud backend workloads},
	pages = {34},
	number = {4},
	journaltitle = {{ACM} {SIGMETRICS} Performance Evaluation Review},
	author = {Mishra, Asit K. and Hellerstein, Joseph L. and Cirne, Walfredo and Das, Chita R.},
	urldate = {2014-07-23},
	date = {2010-03-27},
	langid = {english}
}