@techreport{Chen:EECS-2012-17,
    Author = {Chen, Yanpei and Alspaugh, Sara and Katz, Randy H.},
    Title = {Design Insights for MapReduce from Diverse Production Workloads},
    Institution = {EECS Department, University of California, Berkeley},
    Year = {2012},
    Month = {Jan},
    URL = {http://www.eecs.berkeley.edu/Pubs/TechRpts/2012/EECS-2012-17.html},
    Number = {UCB/EECS-2012-17}
}
